@article{vrjournal,
	author   = {D.W.F. van Krevelen and R. Poelman},
	title    = {A Survey of Augmented Reality Technologies, Applications and Limitations},
	journal  = {The International Journal of Virtual Reality},
	date     = {2010},
	keywords = {trusted},
	pages = "1--6",
	year = 2010,
	DOI = "http://citeseerx.ist.psu.edu/viewdoc/download?doi=10.1.1.454.8190&rep=rep1&type=pdf"
}
@book{horizon-report,
	author       = {L. Johnson and A. Levine and R. Smith and S. Stone},
	title        = {The Horizon Report},
	publisher    = {Educause Learning Initiative},
	date         = {2010},
	year	= 2010,
	keywords     = {trusted},
	ISBN = "978-0-9825334-3-7",
	pages = "21--25"
}
@online{wikibook,
	title        = {Generating Bibliographies with biblatex and biber},
	organization = {Wikibooks},
	date         = {2016},
	urldate      = {2016-03-07},
	url          = {https://en.wikibooks.org/wiki/LaTeX/Generating_Bibliographies_with_biblatex_and_biber},
	keywords     = {untrusted},
}
@book{prototyping-ar,
	author		={Tony Mullen and Tony Mullen},
	title	={Prototyping Augmented Reality},
	publisher	={Wiley},
	date	={2011-09-20},
	year	=2011,
	keywords	={trusted},
	ISBN	="9781118036631",
	pages = "1--6"
}